<?xml version="1.0" encoding="UTF-8"?><collection xmlns="http://www.loc.gov/MARC21/slim"><record><leader>00370nam--2200145-i-4500</leader><controlfield tag="001">000011941</controlfield><controlfield tag="002">20161230</controlfield><controlfield tag="005">20161230201029</controlfield><controlfield tag="008">060222s1000------------r-----000-0-eng-d</controlfield><datafield ind1=" " ind2=" " tag="080"><subfield code="a">662.99</subfield></datafield><datafield ind1=" " ind2=" " tag="100"><subfield code="a">Christea, Al</subfield></datafield><datafield ind1=" " ind2=" " tag="245"><subfield code="a">Progrese in recuperarea caldurii</subfield></datafield><datafield ind1=" " ind2=" " tag="260"><subfield code="a">Bucuresti, I.N.I.D., 1977. 51 P</subfield></datafield><datafield ind1=" " ind2=" " tag="490"><subfield code="a">Progrese In Stiinta Si Tehnologie</subfield></datafield><datafield ind1=" " ind2=" " tag="852"><subfield code="a">44216</subfield></datafield></record></collection>